
% LIGO / Virgo / detections so far


@ARTICLE{AdvancedLIGO:2015,
       author = {{LIGO Scientific Collaboration} and {Aasi}, J. and {Abbott}, B.~P. and
         {Abbott}, R. and {Abbott}, T. and {Abernathy}, M.~R. and {Ackley}, K. and
         {Adams}, C. and {Adams}, T. and {Addesso}, P. and et al.},
        title = "{Advanced LIGO}",
      journal = {Classical and Quantum Gravity},
     keywords = {General Relativity and Quantum Cosmology, Astrophysics - Instrumentation and Methods for Astrophysics, Physics - Instrumentation and Detectors},
         year = "2015",
        month = "Apr",
       volume = {32},
          eid = {074001},
        pages = {074001},
          doi = {10.1088/0264-9381/32/7/074001},
archivePrefix = {arXiv},
       eprint = {1411.4547},
 primaryClass = {gr-qc},
       adsurl = {https://ui.adsabs.harvard.edu/abs/2015CQGra..32g4001L},
      adsnote = {Provided by the SAO/NASA Astrophysics Data System}
}

@ARTICLE{AdvancedVirgo:2015,
       author = {{Acernese}, F. and {Agathos}, M. and {Agatsuma}, K. and {Aisa}, D. and
         {Allemandou}, N. and {Allocca}, A. and {Amarni}, J. and {Astone}, P. and
         {Balestri}, G. and {Ballardin}, G. and et al.},
        title = "{Advanced Virgo: a second-generation interferometric gravitational wave detector}",
      journal = {Classical and Quantum Gravity},
     keywords = {General Relativity and Quantum Cosmology, Physics - Instrumentation and Detectors},
         year = "2015",
        month = "Jan",
       volume = {32},
          eid = {024001},
        pages = {024001},
          doi = {10.1088/0264-9381/32/2/024001},
archivePrefix = {arXiv},
       eprint = {1408.3978},
 primaryClass = {gr-qc},
       adsurl = {https://ui.adsabs.harvard.edu/abs/2015CQGra..32b4001A},
      adsnote = {Provided by the SAO/NASA Astrophysics Data System}
}


@Article{GW150914,
  Title                    = {{Observation of gravitational waves from a binary black hole merger}},
  Author                   = {Abbott, BP and Abbott, R and Abbott, TD and Abernathy, MR and Acernese, F and Ackley, K and Adams, C and Adams, T and Addesso, P and Adhikari, RX and others},
  Journal                  = {Physical review letters},
  Year                     = {2016},
  Number                   = {6},
  Pages                    = {061102},
  Volume                   = {116},

  __markedentry            = {[acg048:6]},
  Owner                    = {acg048},
  Publisher                = {APS},
  Timestamp                = {2017.12.05}
}

@Article{GW151226,
  Title                    = {{GW151226}: Observation of gravitational waves from a 22-solar-mass binary black hole coalescence},
  Author                   = {Abbott, BP and Abbott, R and Abbott, TD and Abernathy, MR and Acernese, F and Ackley, K and Adams, C and Adams, T and Addesso, P and Adhikari, RX and others},
  Journal                  = {Physical Review Letters},
  Year                     = {2016},
  Number                   = {24},
  Pages                    = {241103},
  Volume                   = {116},

  __markedentry            = {[acg048:6]},
  Owner                    = {acg048},
  Publisher                = {APS},
  Timestamp                = {2017.12.05}
}

@Article{GW170104,
  Title                    = {{GW170104}: Observation of a 50-Solar-Mass Binary Black Hole Coalescence at Redshift 0.2},
  Author                   = {Abbott, BP and Abbott, R and Abbott, TD and Acernese, F and Ackley, K and Adams, C and Adams, T and Addesso, P and Adhikari, RX and Adya, VB and others},
  Journal                  = {Physical Review Letters},
  Year                     = {2017},
  Number                   = {22},
  Pages                    = {221101},
  Volume                   = {118},

  __markedentry            = {[acg048:6]},
  Owner                    = {acg048},
  Timestamp                = {2017.12.05}
}

@Article{GW170814,
  Title                    = {{{GW170814}: A three-detector observation of gravitational waves from a binary black hole coalescence}},
  Author                   = {Abbott, BP and Abbott, R and Abbott, TD and Acernese, F and Ackley, K and Adams, C and Adams, T and Addesso, P and Adhikari, RX and Adya, VB and others},
  Journal                  = {Physical Review Letters},
  Year                     = {2017},
  Number                   = {14},
  Pages                    = {141101},
  Volume                   = {119},

  __markedentry            = {[acg048:6]},
  Owner                    = {acg048},
  Publisher                = {APS},
  Timestamp                = {2017.12.05}
}

@Article{GW170817,
  Title                    = {{GW170817}: observation of gravitational waves from a binary neutron star inspiral},
  Author                   = {Abbott, BP and Abbott, R and Abbott, TD and Acernese, F and Ackley, K and Adams, C and Adams, T and Addesso, P and Adhikari, RX and Adya, VB and others},
  Journal                  = {Physical Review Letters},
  Year                     = {2017},
  Number                   = {16},
  Pages                    = {161101},
  Volume                   = {119},

  __markedentry            = {[acg048:6]},
  Owner                    = {acg048},
  Publisher                = {APS},
  Timestamp                = {2017.12.05}
}

@Article{GW170817multi,
  Title                    = {Multi-messenger observations of a binary neutron star merger},
  Author                   = {Abbott, BP and Abbott, R and Adhikari, RX and Ananyeva, A and Anderson, SB and Appert, S and Arai, K and Araya, MC and Barayoga, JC and Barish, BC and others},
  Journal                  = {Astrophysical Journal Letters},
  Year                     = {2017},
  Number                   = {2},
  Pages                    = {L12},
  Volume                   = {848},

  __markedentry            = {[acg048:6]},
  Owner                    = {acg048},
  Publisher                = {American Astronomical Society},
  Timestamp                = {2017.12.05}
}




@ARTICLE{GWTC-1:2018,
       author = {{LIGO Scientific Collaboration} and {Virgo Collaboration} 
          and {Abbott}, B.~P. and {Abbott}, R. and {Abbott}, T.~D. and {Abraham}, S. and
         {Acernese}, F. and {Ackley}, K. and {Adams}, C. and {Adhikari}, R.~X. and
         {Adya}, V.~B. and {Affeldt}, C. and et al.},
        title = "{GWTC-1: A Gravitational-Wave Transient Catalog of Compact Binary Mergers Observed by LIGO and Virgo during the First and Second Observing Runs}",
      journal = {Physical Review X},
     keywords = {Astrophysics - High Energy Astrophysical Phenomena, Astrophysics - Cosmology and Nongalactic Astrophysics, General Relativity and Quantum Cosmology},
         year = "2019",
        month = "Jul",
       volume = {9},
       number = {3},
          eid = {031040},
        pages = {031040},
          doi = {10.1103/PhysRevX.9.031040},
archivePrefix = {arXiv},
       eprint = {1811.12907},
 primaryClass = {astro-ph.HE},
       adsurl = {https://ui.adsabs.harvard.edu/abs/2019PhRvX...9c1040A},
      adsnote = {Provided by the SAO/NASA Astrophysics Data System}
}



% Michelson interferometers in gw demonstrations 

@article{UgoliniEtAl:2019,
author = {Ugolini,Dennis  and Rafferty,Hanna  and Winter,Max  and Rockstuhl,Carsten  and Bergmann,Antje },
title = {LIGO analogy labâ€”A set of undergraduate lab experiments to demonstrate some principles of gravitational wave detection},
journal = {American Journal of Physics},
volume = {87},
number = {1},
pages = {44-56},
year = {2019},
doi = {10.1119/1.5066567},

URL = { 
        https://doi.org/10.1119/1.5066567
    
},
eprint = { 
        https://doi.org/10.1119/1.5066567
    
}
}



@INPROCEEDINGS{LOSC:2015,
       author = {{Vallisneri}, Michele and {Kanner}, Jonah and {Williams}, Roy and
         {Weinstein}, Alan and {Stephens}, Branson},
        title = "{The LIGO Open Science Center}",
     keywords = {General Relativity and Quantum Cosmology, Astrophysics - High Energy Astrophysical Phenomena, Astrophysics - Instrumentation and Methods for Astrophysics},
    booktitle = {Journal of Physics Conference Series},
         year = "2015",
       series = {Journal of Physics Conference Series},
       volume = {610},
        month = "May",
          eid = {012021},
        pages = {012021},
          doi = {10.1088/1742-6596/610/1/012021},
archivePrefix = {arXiv},
       eprint = {1410.4839},
 primaryClass = {gr-qc},
       adsurl = {https://ui.adsabs.harvard.edu/abs/2015JPhCS.610a2021V},
      adsnote = {Provided by the SAO/NASA Astrophysics Data System}
}



@Misc{GWOSC:online,
  Title                    = {{Gravitational Wave Open Science Center} 2019},
  HowPublished             = {\url{<www.gw-openscience.org>}},

  Owner                    = {hm},
  Timestamp                = {2019.12.19},
  year                     = {2019}
}


@Misc{LaserLabs:online,
  Title                    = {{Laser Labs} Games and Apps},
  HowPublished             = {\url{<www.laserlabs.org>}},

  Owner                    = {hm},
  Timestamp                = {2019.12.19}
}


@Misc{BlackHoleHunter:online,
  Title                    = {{Black Hole Hunter}},
  HowPublished             = {\url{<blackholehunter.org>}},

  Owner                    = {hm},
  Timestamp                = {2019.12.19}
}

@Misc{SciVR:online,
  Title                    = {{SciVR}},
  HowPublished             = {\url{<www.scivr.com.au>}},

  Owner                    = {hm},
  Timestamp                = {2019.12.19}
}



@ARTICLE{GW190425,
       author = {{The LIGO Scientific Collaboration} and {the Virgo Collaboration} and
         {Abbott}, B.~P. and {Abbott}, R. and {Abbott}, T.~D. and {Abraham}, S. and
         {Acernese}, F. and {Ackley}, K. and {Adams}, C. and {Adhikari}, R.~X. and
         et al.},
        title = "{GW190425: Observation of a Compact Binary Coalescence with Total Mass $\sim 3.4 M_{\odot}$}",
      journal = {arXiv e-prints},
     keywords = {Astrophysics - High Energy Astrophysical Phenomena, General Relativity and Quantum Cosmology},
         year = "2020",
        month = "Jan",
          eid = {arXiv:2001.01761},
        pages = {arXiv:2001.01761},
archivePrefix = {arXiv},
       eprint = {2001.01761},
 primaryClass = {astro-ph.HE},
       adsurl = {https://ui.adsabs.harvard.edu/abs/2020arXiv200101761T},
      adsnote = {Provided by the SAO/NASA Astrophysics Data System}
}


@ARTICLE{KAGRA:2013,
       author = {{Aso}, Yoichi and {Michimura}, Yuta and {Somiya}, Kentaro and
         {Ando}, Masaki and {Miyakawa}, Osamu and {Sekiguchi}, Takanori and
         {Tatsumi}, Daisuke and {Yamamoto}, Hiroaki},
        title = "{Interferometer design of the KAGRA gravitational wave detector}",
      journal = {\prd},
     keywords = {95.55.Ym, 42.60.Da, Gravitational radiation detectors, mass spectrometers, and other instrumentation and techniques, Resonators cavities amplifiers arrays and rings, General Relativity and Quantum Cosmology, Physics - Optics},
         year = "2013",
        month = "Aug",
       volume = {88},
       number = {4},
          eid = {043007},
        pages = {043007},
          doi = {10.1103/PhysRevD.88.043007},
archivePrefix = {arXiv},
       eprint = {1306.6747},
 primaryClass = {gr-qc},
       adsurl = {https://ui.adsabs.harvard.edu/abs/2013PhRvD..88d3007A},
      adsnote = {Provided by the SAO/NASA Astrophysics Data System}
}


@Misc{ThorLabsIFO,
        title = {Michelson Interferometer Educational Kit},
       author = {Thor Labs},
          url = {https://www.thorlabs.com/newgrouppage9.cfm?objectgroup_id=10107},
    Timestamp = {2020.01.16}
}


@Misc{NikhefIFO,
       author = {Nikhef, Particle Toys},
        title = {Nikhef Interferometer},
          url = {https://www.nikhef.nl/pub/departments/mt/projects/InterferometerBouwpakket/},
    Timestamp = {2020.01.16}
}


@Misc{L2URSSE,
       author = {Royal Society},
        title = {{Royal Society Summer Science Exhibition `Listen to Einstein's Universe'} page},
          url = {royalsociety.org/science-events-and-lectures/2017/summer-science-exhibition/exhibits/listening-to-einsteins-universe},
    Timestamp = {2020.01.16}
}

% GravExplain inclusions

@inproceedings{SubjectiveComparison,
author = {Hu, Yi and Loizou, P.C.},
year = {2006},
month = {06},
pages = {I - I},
title = {Subjective Comparison of Speech Enhancement Algorithms},
volume = {1},
journal = {Proc ICASSP},
doi = {10.1109/ICASSP.2006.1659980}
}



 @book{python,
  title={Python tutorial},
  author={Van Rossum, Guido and Drake Jr, Fred L},
  year={1995},
  publisher={Centrum voor Wiskunde en Informatica Amsterdam, The Netherlands}
} 
@article{ipython,
  title={IPython: a system for interactive scientific computing},
  author={P{\'e}rez, Fernando and Granger, Brian E},
  journal={Computing in Science \& Engineering},
  volume={9},
  number={3},
  year={2007},
  publisher={IEEE}
} 
@conference{jupyter,
  Title = {Jupyter Notebooks -- a publishing format for reproducible computational workflows},
  Author = {Thomas Kluyver and Benjamin Ragan-Kelley and Fernando P{\'e}rez and Brian Granger and Matthias Bussonnier and Jonathan Frederic and Kyle Kelley and Jessica Hamrick and Jason Grout and Sylvain Corlay and Paul Ivanov and Dami{\'a}n Avila and Safia Abdalla and Carol Willing},
  Booktitle = {Positioning and Power in Academic Publishing: Players, Agents and Agendas},
  Editor = {F. Loizides and B. Schmidt},
  Organization = {IOS Press},
  Pages = {87 - 90},
  Year = {2016}
}
@book{numpy,
  title={A guide to NumPy},
  author={Oliphant, Travis E},
  volume={1},
  year={2006},
  publisher={Trelgol Publishing USA}
}
@article{matplotlib,
  title={Matplotlib: A 2D graphics environment},
  author={Hunter, John D},
  journal={Computing in science \& engineering},
  volume={9},
  number={3},
  pages={90--95},
  year={2007},
  publisher={IEEE}
} 
@ARTICLE{scipy,
       author = {{Virtanen}, Pauli and {Gommers}, Ralf and {Oliphant},
         Travis E. and {Haberland}, Matt and {Reddy}, Tyler and
         {Cournapeau}, David and {Burovski}, Evgeni and {Peterson}, Pearu
         and {Weckesser}, Warren and {Bright}, Jonathan and {van der Walt},
         St{\'e}fan J.  and {Brett}, Matthew and {Wilson}, Joshua and
         {Jarrod Millman}, K.  and {Mayorov}, Nikolay and {Nelson}, Andrew
         R.~J. and {Jones}, Eric and {Kern}, Robert and {Larson}, Eric and
         {Carey}, CJ and {Polat}, {\.I}lhan and {Feng}, Yu and {Moore},
         Eric W. and {Vand erPlas}, Jake and {Laxalde}, Denis and
         {Perktold}, Josef and {Cimrman}, Robert and {Henriksen}, Ian and
         {Quintero}, E.~A. and {Harris}, Charles R and {Archibald}, Anne M.
         and {Ribeiro}, Ant{\^o}nio H. and {Pedregosa}, Fabian and
         {van Mulbregt}, Paul and {Contributors}, SciPy 1. 0},
        title = "{SciPy 1.0: Fundamental Algorithms for Scientific
                  Computing in Python}",
      journal = {Nature Methods},
         year = "2020",
       adsurl = {https://rdcu.be/b08Wh},
       doi = {https://doi.org/10.1038/s41592-019-0686-2},
}
@article{tqdm,
author = {da Costa-Luis, Casper},
year = {2019},
month = {05},
pages = {1277},
title = {tqdm: A Fast, Extensible Progress Meter for Python and CLI},
volume = {4},
journal = {Journal of Open Source Software},
doi = {10.21105/joss.01277}
}
@misc{logmmse,  
  author = {Ching, Wilson},
  title = {logmmse},
  year = {2019},
  publisher = {GitHub},
  journal = {GitHub repository},
  howpublished = {\url{https://github.com/wilsonchingg/logmmse}},
  commit = {4251b02b66f6a9d1a754eab93cb8b67bca782021}
}

@ARTICLE{2019PhRvD.100l2002A,
       author = {{LIGO Scientific Collaboration} and {Virgo Collaboration} {et al.}},
        title = "{Search for gravitational waves from Scorpius X-1 in the second Advanced LIGO observing run with an improved hidden Markov model}",
      journal = {\prd},
         year = "2019",
        month = "Dec",
       volume = {100},
       number = {12},
          eid = {122002},
        pages = {122002},
          doi = {10.1103/PhysRevD.100.122002},
       adsurl = {https://ui.adsabs.harvard.edu/abs/2019PhRvD.100l2002A},
      adsnote = {Provided by the SAO/NASA Astrophysics Data System}
}

@online{speech_intelligibility,
    author = "Microphone University",
    title = "FACTS ABOUT SPEECH INTELLIGIBILITY",
    url  = "https://www.dpamicrophones.com/mic-university/facts-about-speech-intelligibility",
    addendum = "Accessed on 2020-02-13",
}

@Article{sallen_key_filter,
  Title                    = {{A practical method of designing RC active filters}},
  Author                   = {R. P. Sallen and E. L. Key},
  Journal                  = {IRE Transactions on Circuit Theory},
  Year                     = {1955},
  Number                   = {1},
  Pages                    = {74-85},
  Volume                   = {2},
}


@ARTICLE{ScoX1ViterbiO1:2017,
       author = {{Abbott}, B.~P. and {Abbott}, R. and {Abbott}, T.~D. and {Acernese}, F. and
         {Ackley}, K. and {Adams}, C. and {Adams}, T. and {Addesso}, P. and
         {Adhikari}, R.~X. and {Adya}, V.~B. and 
         {LIGO Scientific Collaboration} and {Virgo Collaboration}},
        title = "{Search for gravitational waves from Scorpius X-1 in the first Advanced LIGO observing run with a hidden Markov model}",
      journal = {\prd},
     keywords = {General Relativity and Quantum Cosmology},
         year = "2017",
        month = "Jun",
       volume = {95},
       number = {12},
          eid = {122003},
        pages = {122003},
          doi = {10.1103/PhysRevD.95.122003},
archivePrefix = {arXiv},
       eprint = {1704.03719},
 primaryClass = {gr-qc},
       adsurl = {https://ui.adsabs.harvard.edu/abs/2017PhRvD..95l2003A},
      adsnote = {Provided by the SAO/NASA Astrophysics Data System}
}


@ARTICLE{SuvorovaEtAl:2017,
   author = {{Suvorova}, S. and {Clearwater}, P. and {Melatos}, A. and {Sun}, L. and 
	{Moran}, W. and {Evans}, R.~J.},
    title = "{Hidden Markov model tracking of continuous gravitational waves from a binary neutron star with wandering spin. II. Binary orbital phase tracking}",
  journal = {\prd},
archivePrefix = "arXiv",
   eprint = {1710.07092},
 primaryClass = "astro-ph.IM",
     year = 2017,
    month = nov,
   volume = 96,
   number = 10,
      eid = {102006},
    pages = {102006},
      doi = {10.1103/PhysRevD.96.102006},
   adsurl = {https://ui.adsabs.harvard.edu/abs/2017PhRvD..96j2006S},
  adsnote = {Provided by the SAO/NASA Astrophysics Data System}
}


@ARTICLE{SuvorovaEtAl:2016,
   author = {{Suvorova}, S. and {Sun}, L. and {Melatos}, A. and {Moran}, W. and 
	{Evans}, R.~J.},
    title = "{Hidden Markov model tracking of continuous gravitational waves from a neutron star with wandering spin}",
  journal = {\prd},
archivePrefix = "arXiv",
   eprint = {1606.02412},
 primaryClass = "astro-ph.IM",
     year = 2016,
    month = jun,
   volume = 93,
   number = 12,
      eid = {123009},
    pages = {123009},
      doi = {10.1103/PhysRevD.93.123009},
   adsurl = {http://adsabs.harvard.edu/abs/2016PhRvD..93l3009S},
  adsnote = {Provided by the SAO/NASA Astrophysics Data System}
}



@article{RadiometerO1O2:2019,
  title = {Directional limits on persistent gravitational waves using data from Advanced LIGO's first two observing runs},
  author = {Abbott, B. P. and Abbott, R. and Abbott, T. D. and Abraham, S. and Acernese, F. and Ackley, K. and Adams, C. and Adhikari, R. X. and Adya, V. B. and Affeldt, C. and et. al},
  collaboration = {The LIGO Scientific Collaboration and the Virgo Collaboration},
  journal = {Phys. Rev. D},
  volume = {100},
  issue = {6},
  pages = {062001},
  numpages = {14},
  year = {2019},
  month = {Sep},
  publisher = {American Physical Society},
  doi = {10.1103/PhysRevD.100.062001},
  url = {https://link.aps.org/doi/10.1103/PhysRevD.100.062001}
}



@ARTICLE{SearchCrossCorrO1:2017,
       author = {{Abbott}, B.~P. and {Abbott}, R. and {Abbott}, T.~D. and {Acernese}, F. and
         {Ackley}, K. and {Adams}, C. and {Adams}, T. and {Addesso}, P. and
         {Adhikari}, R.~X. and {Adya}, V.~B. and et al.},
        title = "{Upper Limits on Gravitational Waves from Scorpius X-1 from a Model-based Cross-correlation Search in Advanced LIGO Data}",
      journal = {\apj},
     keywords = {accretion, accretion disks, gravitational waves, stars: neutron, X-rays: binaries, Astrophysics - High Energy Astrophysical Phenomena, General Relativity and Quantum Cosmology},
         year = "2017",
        month = "Sep",
       volume = {847},
       number = {1},
          eid = {47},
        pages = {47},
          doi = {10.3847/1538-4357/aa86f0},
archivePrefix = {arXiv},
       eprint = {1706.03119},
 primaryClass = {astro-ph.HE},
       adsurl = {https://ui.adsabs.harvard.edu/abs/2017ApJ...847...47A},
      adsnote = {Provided by the SAO/NASA Astrophysics Data System}
}


@BOOK{xraybinaries:1997,
   author = {{Lewin}, W.~H.~G. and {van Paradijs}, J. and {van den Heuvel}, E.~P.~J.
	},
    title = "{X-ray Binaries}",
booktitle = {X-ray Binaries, Edited by Walter H.~G.~Lewin and Jan van Paradijs and Edward P.~J.~van den Heuvel, pp.~674.~ISBN 0521599342.~Cambridge, UK: Cambridge University Press, January 1997.},
     year = 1997,
    month = jan,
    pages = {674},
   adsurl = {https://ui.adsabs.harvard.edu/abs/1997xrb..book.....L},
  adsnote = {Provided by the SAO/NASA Astrophysics Data System}
}

@Misc{GravitySynthLeonTrimble:online,
  Title                    = {Gravity Synth},
  HowPublished             = {\url{https://gravitysynth.tumblr.com/}},
  Author                   = {{Trimble}, Leon}, 
  Owner                    = {hm},
  Timestamp                = {2020.02.13}
}

@Misc{ArthurJeffesMusic:online,
  Title                    = {{Gravitational waves and exoplanets}},
  HowPublished             = {\url{http://www.epcmusic.com/space}},

  Owner                    = {hm},
  Timestamp                = {2020.02.13}
}

@Misc{LIGOIFOGlue, 
  Title                    = {Build Your Own Michelson Interferometer},
  author                   = {{Ingram}, D. and LIGO Scientific Collaboration},
  HowPublished             = {LIGO Public Document T1400762 \url{https://dcc.ligo.org/LIGO-T1400762/public}},
  year                     = "2014",
  Owner                    = {hm},
  Timestamp                = {2020.02.06}
}

@Misc{LIGOIFOMagnets, 
  Title                    = {The Magnetic Michelson Interferometer},
  author                   = {{Douglas}, E. and LIGO Scientific Collaboration},
  HowPublished             = {LIGO Public Document T0900393 \url{https://dcc.ligo.org/LIGO-T0900393/public}},
  year                     = "2009",
  month                    = "Aug",
  Owner                    = {hm},
  Timestamp                = {2020.02.06}
}


@ARTICLE{ExhibitIFO,
       author = {{Cooper}, S.~J. and {Green}, A.~C. and {Middleton}, H.~R. and {Berry}, C.~P.~L. and
         {Mow-Lowry}, C.~M. and {Buscicchio}, R. and {Butler}, E. and {Collins}, C.~J. and
         {Gettings}, C. and {Hoyland}, D. and {Jones}, A.~W. and {Lindon}, J.~H. and {Romero-Shaw}, I. 
         and {Stevenson}, S.~P. and {Takeva}, E.~P. and {Vinciguerra}, S. and {Vecchio}, A. and {Freise}, A},
        title = "{An Interactive Gravitational-Wave Detector Model for Museums and Fairs}",
         year = "2020",
         note = "in prep."
}

